<?xml version="1.0" encoding="UTF-8"?><collection><record><leader>06844ntm a2200553 a 4500</leader><controlfield tag="001">006491370</controlfield><controlfield tag="003">MiAaHDL</controlfield><controlfield tag="005">20190719000000.0</controlfield><controlfield tag="006">m        d        </controlfield><controlfield tag="007">cr bn ---auaua</controlfield><controlfield tag="008">090424s1575    tu            00| ||ara d</controlfield><datafield tag="035" ind1=" " ind2=" "><subfield code="a">(MiU)006491370</subfield></datafield><datafield tag="035" ind1=" " ind2=" "><subfield code="a">sdr-miu006491370</subfield></datafield><datafield tag="040" ind1=" " ind2=" "><subfield code="a">MiU</subfield><subfield code="c">MiU</subfield><subfield code="e">amremm</subfield></datafield><datafield tag="043" ind1=" " ind2=" "><subfield code="a">n-us-mi</subfield></datafield><datafield tag="100" ind1="0" ind2=" "><subfield code="6">880-01</subfield><subfield code="a">Kemalpaşazade,</subfield><subfield code="d">1468 or 1469-1534.</subfield></datafield><datafield tag="245" ind1="1" ind2="0"><subfield code="6">880-03</subfield><subfield code="a">[Sharḥ al-Farāʼiḍ al-Sirājīyah,</subfield><subfield code="f">983, i.e. 1575].</subfield></datafield><datafield tag="246" ind1="3" ind2=" "><subfield code="i">Title from inscription on fol.1a (p.5)</subfield><subfield code="a">حضرت ملا على السراجية</subfield></datafield><datafield tag="260" ind1=" " ind2=" "><subfield code="a">[Edirne?,</subfield><subfield code="c">1575].</subfield></datafield><datafield tag="300" ind1=" " ind2=" "><subfield code="a">110 leaves :</subfield><subfield code="b">paper ;</subfield><subfield code="c">220 x 135 (163 x 70) mm. bound to 220 x 143 mm.</subfield></datafield><datafield tag="500" ind1=" " ind2=" "><subfield code="a">Shelfmark: Ann Arbor, University of Michigan, Special Collections Library, Isl. Ms. 100</subfield></datafield><datafield tag="500" ind1=" " ind2=" "><subfield code="a">Origin: As appears in colophon on fol.108a, copied by Muḥammad ibn Aḥmad al-ʻAdī [?] al-Khazrajī with transcription finished 21 Ṣafar 983 [ca. 1 June 1575], likely in Edirne, where he was living (nazīl).</subfield></datafield><datafield tag="500" ind1=" " ind2=" "><subfield code="a">Accompanying materials: Several slips and scraps scattered throughout with calculations, excerpts, etc. each paginated (see pp.139-140, pp.149-150, pp.161-164, pp.195-196, pp.221-222) along with a document bearing circular seal impression (paginated pp.171-172).</subfield></datafield><datafield tag="500" ind1=" " ind2=" "><subfield code="a">Former shelfmark: British Museum, London "No. 39. Work on law of inheritance."</subfield></datafield><datafield tag="500" ind1=" " ind2=" "><subfield code="a">Binding: Pasteboards covered in red leather ; Type III binding (without flap) ; board linings in laid paper ; upper and lower covers bear central blind-stamped mandorla and pendants (compare Déroche class. OSd 8) as well as border and cornerpieces consisting of a series of incised fillets ; sewn in cream thread, 2 stations ; endbands in red and green, nearly gone from tail ; in fair condition with abrasion, staining, leather burn, some delamination of boards at corners, etc.</subfield></datafield><datafield tag="500" ind1=" " ind2=" "><subfield code="a">Support: non-European (Persian) laid paper with laid lines mainly oriented horizontally and spaced 7 laid lines per cm. ; chain lines only visible sporadically as short lengths ; fairly transluscent and crisp ; flyleaves in European laid paper with three crescents (tre lune) watermark.</subfield></datafield><datafield tag="500" ind1=" " ind2=" "><subfield code="a">Decoration: Written area surrounded by border varying from simple red or gold rule-border to frame consisting of gold band or bands outlined by black fillets and outermost blue fillet ; textual dividers in the form of inverted commas ; text chrysographed with keywords and section headings ; rubricated with overlining, textual dividers, etc. in red.</subfield></datafield><datafield tag="500" ind1=" " ind2=" "><subfield code="a">Script: Naskh ; graceful Ottoman hand ; partially seriffed with left-sloping head-serif on ṭāʼ, lām, etc., free-standing alif usually serifless, effect of slight tilt to the left, mainly curvilinear descenders, pointing chiefly in lines or strokes (curved stroke for three dots), even final kāf carries shaqq, alif maqṣūrah pointed as yāʼ, point of final nūn most often set just above bowl.</subfield></datafield><datafield tag="500" ind1=" " ind2=" "><subfield code="a">Layout: Written in 21 lines per page ; frame-ruled.</subfield></datafield><datafield tag="500" ind1=" " ind2=" "><subfield code="a">Collation: iii, 2 V(20), IV (28), 5 V(58), 2 IV(94), V (104), III (110), ii ; chiefly quinions ; quire numbering in the form of Hindu-Arabic numerals in the center of the upper margin of the recto of the first leaf of each quire, often cut off ; catchwords present ; foliation in black ink, Hindu-Arabic numerals, begins with ۱ on fol.1b (p.6) and continues thereafter on recto of each folio ; pagination in pencil, Western numerals, supplied during digitization (includes flyleaves and inserts).</subfield></datafield><datafield tag="500" ind1=" " ind2=" "><subfield code="a">Colophon: "Scribal," triangular, reads: "تم الكتاب والله اعلم بالصواب في حادي عشرين شهر صفر الخير سنة ثلاث وثمانين وتسعمائة على يد احقر عباد الله واحوجهم الى رحمته وغفرانه محمد بن احمد العدي [؟] الخزرجي نزيل ادرنة المحمية اللهم اغفر لمستكتبه ولكاتبه ولمن قرا فيه ودعا لهما بالمغفرة امين"</subfield></datafield><datafield tag="500" ind1=" " ind2=" "><subfield code="a">Explicit: "فقد اجتمع لام كل منهما عشرون ولبنت كل منهما ستون وللمولى عشرة"</subfield></datafield><datafield tag="500" ind1=" " ind2=" "><subfield code="a">Incipit: "الحمد لله الملك العلام الذي جعل العلماء الاعلام ورثة الانبياء عليهم السلام ... وبعد فاني لما فرغت عن تصحيح المختصر المؤلف في علم الفرائض المنسوب الى الامام الهمام سراج الدين السجاوندي ... بتغيير ما فيه الخلل من جهة التعبير عن المعاني واصلاح ما فيه الزلل من جهة التقرير للمباني اردت ان اشرحه شرحا وافيا في تحرير المسائل ..."</subfield></datafield><datafield tag="500" ind1=" " ind2=" "><subfield code="a">Title supplied by cataloguer.</subfield></datafield><datafield tag="500" ind1=" " ind2=" "><subfield code="a">Ms. codex.</subfield></datafield><datafield tag="510" ind1="4" ind2=" "><subfield code="a">Brockelmann, C. GAL,</subfield><subfield code="c">SI 650</subfield></datafield><datafield tag="520" ind1="8" ind2=" "><subfield code="a">Fine copy of Kemalpaşazade's (Ibn Kamāl) commentary on the treatise on inheritance by Sirāj al-Dīn Muḥammad ibn Muḥammad al-Sajāwandī (6/12th cent.).</subfield></datafield><datafield tag="538" ind1=" " ind2=" "><subfield code="a">Mode of access: Internet.</subfield></datafield><datafield tag="541" ind1=" " ind2=" "><subfield code="c">Purchase ;</subfield><subfield code="a">Acquired by purchase along with Abdul Hamid Collection (funds donated by Horace Rackham).</subfield><subfield code="d">1924.</subfield></datafield><datafield tag="546" ind1=" " ind2=" "><subfield code="a">Arabic.</subfield></datafield><datafield tag="561" ind1=" " ind2=" "><subfield code="a">Bookplate of British Museum, London on inner front cover, "From the British Museum, London. No. 39. Work on law of inheritance." ; circular seal impression with figure of goat/gazelle in purple ink as well as inscription "369" in Western numerals on front flyleaf ; kabīkaj invocation on fol.1a (p.5) "يا كبيكج يا حفيظ" ; effaced statement on fol.1a (p.5) ; partially obscured statement on fol.110b (p.238) dated Shaʻbān to Ramaḍān 1035 [April-June 1626] accompanied by what appears to be a birth statement dated 13th Rabīʻ I 1043 [ca. 17 September 1633] ; on back flyleaf (p.241) inscription detailing a few of the characteristics peculiar to the louse, including a method for telling whether a pregnant woman is carrying a boy or a girl and a remedy for the inability to urinate ; numerous marginal glosses and corrections.</subfield></datafield><datafield tag="600" ind1="1" ind2="0"><subfield code="a">Sajāwandī, Sirāj al-Dīn Muḥammad ibn Muḥammad,</subfield><subfield code="d">active 12th century.</subfield><subfield code="t">Farāʼiḍ al-Sirājīyah.</subfield></datafield><datafield tag="650" ind1=" " ind2="0"><subfield code="a">Manuscripts, Arabic</subfield><subfield code="z">Michigan</subfield><subfield code="z">Ann Arbor.</subfield></datafield><datafield tag="650" ind1=" " ind2="0"><subfield code="a">Inheritance and succession (Islamic law)</subfield><subfield code="v">Early works to 1800.</subfield></datafield><datafield tag="700" ind1="0" ind2=" "><subfield code="6">880-05</subfield><subfield code="a">Muḥammad ibn Aḥmad al-ʻAdī al-Khazrajī,</subfield><subfield code="d">fl. 1575,</subfield><subfield code="e">scribe.</subfield></datafield><datafield tag="773" ind1="0" ind2=" "><subfield code="a">Tiflis Collection.</subfield></datafield><datafield tag="880" ind1="0" ind2=" "><subfield code="6">700-05/</subfield><subfield code="a">محمد بن احمد العدي الخزرجي،</subfield><subfield code="e">ناسخ.</subfield></datafield><datafield tag="880" ind1="1" ind2="0"><subfield code="6">245-03/</subfield><subfield code="a">[شرح الفرائض السراجية,</subfield><subfield code="f">983ه, 1575م].</subfield></datafield><datafield tag="880" ind1="0" ind2=" "><subfield code="6">100-01/</subfield><subfield code="a">ابن كمال باشا، أحمد بن سليمان.</subfield></datafield><datafield tag="CID" ind1=" " ind2=" "><subfield code="a">006491370</subfield></datafield><datafield tag="DAT" ind1="0" ind2=" "><subfield code="a">20190719102634.0</subfield><subfield code="b">20190719000000.0</subfield></datafield><datafield tag="DAT" ind1="1" ind2=" "><subfield code="a">20190719090653.0</subfield><subfield code="b">2019-07-19T16:11:00Z</subfield></datafield><datafield tag="DAT" ind1="2" ind2=" "><subfield code="a">2015-10-10T18:00:06Z</subfield></datafield><datafield tag="CAT" ind1=" " ind2=" "><subfield code="a">SDR-MIU</subfield><subfield code="d">EX LIBRIS - ALEPH</subfield><subfield code="l">prepare.pl-004-008</subfield></datafield><datafield tag="FMT" ind1=" " ind2=" "><subfield code="a">BK</subfield></datafield><datafield tag="HOL" ind1=" " ind2=" "><subfield code="0">sdr-miu006491370</subfield><subfield code="a">MiU</subfield><subfield code="b">SDR</subfield><subfield code="c">MIU</subfield><subfield code="p">mdp.39015079124676</subfield><subfield code="s">MIU</subfield><subfield code="1">006491370</subfield></datafield><datafield tag="974" ind1=" " ind2=" "><subfield code="b">MIU</subfield><subfield code="c">MIU</subfield><subfield code="d">20190719</subfield><subfield code="s">lit-dlps-dc</subfield><subfield code="u">mdp.39015079124676</subfield><subfield code="y">1575</subfield><subfield code="r">pd</subfield><subfield code="q">bib</subfield><subfield code="t">non-US bib date1 &lt; 1896</subfield></datafield></record></collection>